<record><leader>00000cas a2200000 a 4500</leader><controlfield tag="001">10720395</controlfield><controlfield tag="008">840511d18781969nyuwr ne      0    0eng c</controlfield><datafield ind1=" " ind2=" " tag="010"><subfield code="a">sn 84031230 </subfield></datafield><datafield ind1=" " ind2=" " tag="040"><subfield code="a">NYG</subfield><subfield code="b">eng</subfield><subfield code="c">NYG</subfield><subfield code="d">NYS</subfield><subfield code="d">OCLCQ</subfield><subfield code="d">OCLCF</subfield><subfield code="d">OCLCO</subfield></datafield><datafield ind1="1" ind2=" " tag="029"><subfield code="a">AU@</subfield><subfield code="b">000020342007</subfield></datafield><datafield ind1=" " ind2=" " tag="042"><subfield code="a">pcc</subfield></datafield><datafield ind1=" " ind2=" " tag="043"><subfield code="a">n-us-ny</subfield></datafield><datafield ind1="0" ind2=" " tag="130"><subfield code="a">Dundee observer (Dundee, N.Y. : 1878)</subfield></datafield><datafield ind1="1" ind2="4" tag="245"><subfield code="a">The Dundee observer.</subfield></datafield><datafield ind1=" " ind2=" " tag="260"><subfield code="a">Dundee, N.Y. :</subfield><subfield code="b">Eugene Vreeland</subfield></datafield><datafield ind1=" " ind2=" " tag="300"><subfield code="a">v. :</subfield><subfield code="b">ill. (chiefly advertisements) ;</subfield><subfield code="c">55-70 cm.</subfield></datafield><datafield ind1=" " ind2=" " tag="310"><subfield code="a">Weekly</subfield></datafield><datafield ind1="0" ind2=" " tag="362"><subfield code="a">Vol. 1, no. 1 (June 20, 1878)-v. 93, no. 27 (Dec. 18, 1969).</subfield></datafield><datafield ind1=" " ind2=" " tag="500"><subfield code="a">Publishers: Eugene Vreeland, 1878-&lt;1887&gt;; Mrs. G. Kirk Smith, &lt;1916&gt;; Harry C. Smith, &lt;1924&gt;; Lynn H. Carpenter, &lt;1959-1963&gt;; Dundee Observer Corp., -1969.</subfield></datafield><datafield ind1=" " ind2=" " tag="500"><subfield code="a">Editor: G.G. Judd, 1878-</subfield></datafield><datafield ind1=" " ind2=" " tag="530"><subfield code="a">Available on microfilm from Micro Photo Div., Bell &amp; Howell.</subfield></datafield><datafield ind1=" " ind2="0" tag="651"><subfield code="a">Dundee (N.Y.)</subfield><subfield code="v">Newspapers.</subfield></datafield><datafield ind1=" " ind2="0" tag="651"><subfield code="a">Yates County (N.Y.)</subfield><subfield code="v">Newspapers.</subfield></datafield><datafield ind1=" " ind2="7" tag="655"><subfield code="a">Newspapers.</subfield><subfield code="2">fast</subfield><subfield code="0">(OCoLC)fst01423814</subfield></datafield><datafield ind1=" " ind2="7" tag="651"><subfield code="a">New York (State)</subfield><subfield code="z">Dundee.</subfield><subfield code="2">fast</subfield><subfield code="0">(OCoLC)fst01248047</subfield></datafield><datafield ind1=" " ind2="7" tag="651"><subfield code="a">New York (State)</subfield><subfield code="z">Yates County.</subfield><subfield code="2">fast</subfield><subfield code="0">(OCoLC)fst01209739</subfield></datafield><datafield ind1=" " ind2=" " tag="752"><subfield code="a">United States</subfield><subfield code="b">New York</subfield><subfield code="c">Yates</subfield><subfield code="d">Dundee.</subfield></datafield><datafield ind1="0" ind2="0" tag="785"><subfield code="t">Viewpoint Finger Lakes</subfield><subfield code="w">(DLC)sn 84031338</subfield></datafield></record>